@article{botta2022towards,
  author  = {Botta, Vincenzo and Iovino, Vincenzo and Visconti, Ivan},
  title   = {Towards Data Redaction in Bitcoin},
  journal = {IEEE Transactions on Network and Service Management},
  year    = {2022},
  volume  = {19},
  number  = {4},
  pages   = {3872--3883},
  doi     = {10.1109/TNSM.2022.3214279}
}

@inproceedings{ateniese2017redactable,
  author    = {Ateniese, Giuseppe and Magri, Bernardo and Venturi, Daniele and Andrade, Ewerton R.},
  title     = {Redactable Blockchain -- or -- Rewriting History in Bitcoin and Friends},
  booktitle = {Proceedings of the IEEE European Symposium on Security and Privacy (EuroS\&P)},
  year      = {2017},
  pages     = {111--126},
  doi       = {10.1109/EuroSP.2017.37}
}

@inproceedings{avitabile2024data,
  author    = {Avitabile, Gennaro and Botta, Vincenzo and Friolo, Daniele and Visconti, Ivan},
  title     = {Data Redaction in Smart-Contract-Enabled Permissioned Blockchains},
  booktitle = {Proceedings of the 6th Distributed Ledger Technologies Workshop (DLT)},
  year      = {2024},
  address   = {Turin, Italy},
  publisher = {CEUR-WS.org}
}
